<?xml version="1.0" encoding="UTF-8"?><collection xmlns="http://www.loc.gov/MARC21/slim"><record><leader>00654nam--2200193-i-4500</leader><controlfield tag="001">000042446</controlfield><controlfield tag="002">20161230</controlfield><controlfield tag="005">20210312045926</controlfield><controlfield tag="008">060222s1000------------r-----000-0-eng-d</controlfield><datafield ind1=" " ind2=" " tag="020"><subfield code="a">9971509474</subfield></datafield><datafield ind1=" " ind2=" " tag="040"><subfield code="a">IFIN-HH</subfield></datafield><datafield ind1=" " ind2=" " tag="080"><subfield code="a">539.124:539.172.2(061.3)</subfield></datafield><datafield ind1="1" ind2=" " tag="100"><subfield code="a">Ivascu,Marin</subfield></datafield><datafield ind1="1" ind2="0" tag="245"><subfield code="a">Spectroscopy and collisions of few-electron ions</subfield><subfield code="b">Proceedings of the study conference Bucharest, Romania august 29-september 2, 1988</subfield><subfield code="c">Marin Ivascu, Viorica Florescu, Valeriu Zoran (eds.)</subfield></datafield><datafield ind1=" " ind2=" " tag="260"><subfield code="a">Singapore</subfield><subfield code="b">World Scientific</subfield><subfield code="c">1989</subfield></datafield><datafield ind1=" " ind2=" " tag="300"><subfield code="a">XII + 559 P</subfield></datafield><datafield ind1="1" ind2=" " tag="700"><subfield code="a">Zoran, Valeriu</subfield><subfield code="e">Ed</subfield></datafield><datafield ind1=" " ind2=" " tag="852"><subfield code="a">79072</subfield><subfield code="c">539.17</subfield></datafield><datafield ind1=" " ind2=" " tag="CAT"><subfield code="a">SYS</subfield><subfield code="c">20210312</subfield><subfield code="h">045926</subfield></datafield></record></collection>